@online{WikipediaImrad,
  title     = {IMRaD},
  url       = {https://en.wikipedia.org/wiki/IMRAD},
  publisher = {Wikip√©dia},
  urldate = {2024-09-26}
}

@online{Beel2010,
  title  = {How to write a thesis (Bachelor, Master, or PhD) and which software tools to use},
  url    = {https://isg.beel.org/blog/2010/03/02/how-to-write-a-phd-thesis/},
  author = {Joeran Beel},
  year   = {2010},
  urldate = {2024-09-26}
}
